@book{dalwis:kach,
	author = {James d'Alwis},
	title = {An Introduction to {K}achch\=ayana's Grammar of the P\=ali Language},
	publisher = {Williams and Norgate},
	address = {Colombo},
	year = {1863},
}

@book{satis:kacc,
	author = {Satis Chandra Acharyya},
	title = {{K}accayana's Pali Grammar},
	publisher = {The Mahabodhi Society},
	address = {Calcutta},
	year = {1901},
}

@book{thitzana:kacc1,
	author = {A. Thitzana},
	title = {{K}acc\=ayana P\=ali Grammar, Volume 1},
	subtitle = {The Complete Text},
	publisher = {Pariyatti Press},
	address = {Onalaska, WA},
	year = {2016},
}

@book{thitzana:kacc2,
	author = {A. Thitzana},
	title = {{K}acc\=ayana P\=ali Grammar, Volume 2},
	subtitle = {Translated into English with additional notes, simple exaplanations and tables},
	publisher = {Pariyatti Press},
	address = {Onalaska, WA},
	year = {2016},
}

